
@online{filminasleo,
title={{Fundación Tarpuy. Filminas de clase: Arquitecturas de redes neuronales aplicadas a segmentación y reconocimiento de objetos en imágenes.}},
Author={Borgnino Leandro},
}


@online{cnn,
title={{R-CNN, Fast R CNN, Faster R-CNN, YOLO — Object Detection Algorithms}},
author={Gandhi Rohith},
year={2018},
url={https://towardsdatascience.com/r-cnn-fast-r-cnn-faster-r-cnn-yolo-object-detection-algorithms-36d53571365e},
note={\href{https://towardsdatascience.com/r-cnn-fast-r-cnn-faster-r-cnn-yolo-object-detection-algorithms-36d53571365e}{\color{blue}{Haz click aquí.}}}
}

@online{colab,
title={{Implementación: Señales de Tránsito}},
author={{Alfonso Mouton - Esteban Suarez - Santiago Medina}},
year={2023},
url={https://colab.research.google.com/drive/1dFNiqWg-2gy6FNCu02_yY1tvwy1tcgVI?usp=sharing},
note={\href{https://colab.research.google.com/drive/1dFNiqWg-2gy6FNCu02_yY1tvwy1tcgVI?usp=sharing}{\color{blue}{Haz click aquí.}}}
}