
@online{filminasleo,
	Title={{Fundación Tarpuy. Filminas de clase: Arquitecturas de redes neuronales aplicadas a segmentación y reconocimiento de objetos en imágenes.}},
	Author={Borgnino Leandro},
}


@online{cnn,
	Title={{R-CNN, Fast R CNN, Faster R-CNN, YOLO — Object Detection Algorithms}},
	Author={Gandhi Rohith},
	Year={2018},
	Url={https://towardsdatascience.com/r-cnn-fast-r-cnn-faster-r-cnn-yolo-object-detection-algorithms-36d53571365e},
	Note={\href{https://towardsdatascience.com/r-cnn-fast-r-cnn-faster-r-cnn-yolo-object-detection-algorithms-36d53571365e}{\color{blue}{Haz click aquí.}}}
}

@online{colab,
	Title={{Implementación: Señales de Tránsito}},
	Author={{Alfonso Mouton - Esteban Suarez - Santiago Medina}},
	Year={2023},
	Url={https://colab.research.google.com/drive/1dFNiqWg-2gy6FNCu02_yY1tvwy1tcgVI?usp=sharing},
	Note={\href{https://colab.research.google.com/drive/1dFNiqWg-2gy6FNCu02_yY1tvwy1tcgVI?usp=sharing}{\color{blue}{Haz click aquí.}}}
}